4634 6292
1172 421 1326 484 ...6.-

503 662 754 752 severianae
786 660 951 751 formae
982 662 1263 781 fragmentis:
1294 636 1530 784 utrobique
1562 662 1717 775 eadem
1748 663 1986 766 festinatio,

504 823 774 912 litteraturae
802 823 1006 913 vocabuli
1040 825 1263 933 [Clastoris
1285 857 1460 946 prorsus
1490 827 1693 945 geminus
1717 825 1987 914 litteraturae

503 982 817 1076 vocabulorum
847 985 1102 1074 severianae
1134 984 1300 1075 formae
1332 986 1504 1077 ductus.
1539 986 1714 1077 Duabus
1748 985 1889 1075 solnm
1921 1017 1987 1075 rc·

500 1145 582 1234 bus
613 1176 726 1235 nova
757 1176 856 1265 pars
887 1143 1053 1235 formae
1085 1146 1237 1266 templi
1261 1148 1446 1236 Castoris
1477 1161 1673 1236 avctore
1704 1143 1878 1235 differt:
1899 1145 1988 1265 pri·

504 1337 625 1395 mum
655 1336 708 1394 co
740 1301 860 1424 quod
892 1304 929 1393 is
960 1305 1036 1423 qui
1070 1305 1231 1394 veteris
1262 1305 1496 1425 fragmenti
1518 1320 1687 1425 partem
1710 1302 1988 1425 deperditam

503 1498 588 1586 ope
610 1465 835 1554 vaticanae
856 1462 1045 1554 schedae
1063 1465 1335 1569 instauravit,
1361 1465 1485 1556 bases
1505 1466 1808 1555 columnarum
1826 1465 1988 1579 ,lineas-

505 1659 593 1749 que
623 1626 785 1746 quibus
815 1623 976 1744 gradus
1006 1621 1219 1715 scalarum
1251 1641 1297 1716 et
1316 1657 1468 1746 margo
1501 1626 1988 1747 templisignilicantur

504 1788 653 1878 colore
675 1785 807 1876 rubro
829 1786 1030 1874 inunxit:
1054 1785 1173 1876 unde
1195 1788 1358 1877 accidit
1378 1804 1428 1875 ut
1448 1789 1482 1877 si
1505 1801 1745 1907 utrumque
1772 1788 1989 1907 fragmen·

504 1967 595 2040 tum
627 1951 672 2038 in
705 1949 907 2067 exemplo
949 1948 1255 2069 photographa
1286 1949 1622 2068 comparaveris,
1657 1964 1781 2039 vetus
1811 1980 1835 2036 a
1871 1981 1986 2040 novo

505 2113 663 2203 coloris
701 2109 894 2200 subfusci
938 2141 1101 2229 genere
1147 2109 1372 2198 diversum
1416 2140 1508 2198 csse
1538 2108 1722 2199 videris.
1759 2111 1989 2201 Praeterea

506 2273 703 2392 suspicor
733 2270 923 2360 cundem
957 2271 1081 2359 illum
1115 2269 1383 2359 diorthotam
1414 2268 1538 2359 bases
1569 2269 1666 2359 illas
1696 2271 1827 2390 paulo
1858 2270 1988 2360 altius

506 2432 643 2554 lapidi
676 2430 960 2549 impressisse,
980 2463 1068 2550 quo
1100 2460 1262 2549 genere
1293 2427 1568 2517 instaurandi
1603 2429 1649 2517 io
1682 2429 1778 2518 aliis
1808 2461 1988 2551 quoque

505 2573 670 2661 formae
703 2569 957 2688 fragmentis
988 2568 1179 2658 eundem
1211 2597 1303 2656 esse
1334 2580 1571 2685 grassatum
1603 2568 1777 2657 scimus.
1816 2569 1988 2679 Deinde

505 2733 549 2820 in
583 2761 696 2819 novo
728 2730 973 2848 fragmento
1005 2727 1127 2817 bases
1158 2726 1326 2846 duplici
1355 2726 1575 2844 {marginis
1608 2726 1751 2818 lineae
1790 2726 2016 2839 adsertae.

503 2906 618 2996 sunt,
654 2892 699 2979 in
731 2903 880 2979 vetere
912 2922 936 2977 a
967 2889 1155 3009 simplici
1188 2887 1368 3007 paulum
1404 2887 1580 2975 distant.
1606 2888 1654 2975 ln
1677 2903 1827 2979 vctcre
1850 2889 1990 3008 igitur

503 3054 747 3173 fragmento
779 3050 937 3140 artilex
968 3049 1130 3138 lineam
1161 3079 1258 3138 cam
1289 3079 1402 3167 quac
1434 3047 1650 3168 graduum
1687 3048 1818 3139 finem
1850 3051 1986 3171 signi-

505 3215 605 3303 ficat
636 3213 692 3302 ad
722 3214 846 3303 bases
876 3208 1120 3332 perducere
1160 3210 1323 3301 omisit.
1367 3209 1669 3328 Discrcpantia
1709 3225 1795 3300 tarn
1827 3214 1989 3333 exigna

505 3375 698 3495 potuisse
743 3374 936 3493 aliquem
982 3372 1249 3461 commoveri
1297 3387 1347 3460 ut
1390 3370 1556 3462 formae
1602 3372 1753 3491 templi
1801 3372 1987 3464 alterum

506 3538 690 3627 frustum
720 3536 973 3624 severianae
999 3533 1146 3636 aetati,
1172 3531 1358 3622 frustum
1390 3534 1575 3622 altorum
1607 3535 1886 3654 vespasianae
1912 3537 1987 3625 ad·

504 3697 718 3786 scriberet
738 3694 964 3784 audimus:
989 3693 1067 3783 sed
1089 3692 1235 3783 eidem
1261 3695 1472 3782 miramur
1496 3693 1619 3814 »quod
1641 3694 1780 3783 multo
1802 3696 1988 3787 maiores

507 3861 552 3947 in
583 3858 741 3948 ceteris
771 3856 936 3946 formae
966 3854 1220 3944 severianae
1264 3854 1520 3974 fragmentis
1563 3853 1883 3976 discrepantiae
1914 3857 1990 3948 bo·

505 4019 637 4109 minis
658 4016 775 4108 docti
802 4017 919 4106 illius
939 4015 1088 4105 oculos
1109 4046 1195 4104 non
1213 4014 1500 4105 adverterunt
1520 4015 1729 4138 quodque
1751 4049 1837 4107 non
1858 4018 1988 4108 dubi·

507 4181 613 4269 tavit
643 4193 831 4268 statuere
862 4207 986 4298 posse
1015 4176 1346 4296 Vespasiani
1390 4174 1611 4266 formam
1642 4177 1982 4285 litteratura,

506 4340 801 4430 incisionis
833 4370 1059 4459 genere,
1084 4337 1327 4443 modulo,
1354 4370 1608 4430 marmore
1639 4338 1841 4460 formae
1871 4373 1988 4432 sae·

507 4503 617 4591 culi
652 4501 811 4593 tertii
845 4532 1067 4622 prorsus
1097 4499 1365 4621 geminam
1398 4501 1592 4592 fnisse.
1616 4501 1985 4593 Noscontrarcm

504 4663 638 4753 nullis
667 4663 902 4753 stabilitam
937 4661 1181 4751 rationibus
1211 4662 1338 4782 plura
1373 4660 1599 4783 disputare
1630 4662 1888 4753 omittimus.
1914 4663 1989 4752 Ili·

507 4823 695 4914 dicimus
726 4824 863 4944 igitnr
892 4854 1008 4912 novo
1029 4824 1231 4942 exemplo
1253 4838 1348 4940 post
1368 4822 1596 4913 interitum
1618 4824 1794 4944 imperii
1817 4823 1987 4914 romani

506 4998 555 5073 ut
582 4998 837 5088 statuarum,
885 4982 1093 5074 fastorum
1133 4983 1410 5104 aliorumque
1448 4984 1694 5089 titulorum,
1730 4984 1790 5073 ita
1821 4985 1987 5074 formae

504 5176 682 5265 quoque
712 5117 968 5266 fragmentis
999 5142 1326 5235 aedificationes
1357 5176 1491 5235 novas
1521 5146 1745 5235 suscitatas
1765 5176 1874 5235 esse.
1898 5145 1986 5234 Nec

506 5304 666 5393 mirum
699 5319 765 5395 est
794 5337 818 5393 a
851 5306 1014 5426 templo
1046 5306 1182 5412 urbis,
1217 5303 1340 5426 quod
1370 5307 1599 5425 eregione
1630 5321 1736 5406 crat,
1768 5337 1905 5396 unum
1926 5308 1987 5394 al·
