4634 6292
1048 409 1201 469 ..p-

387 651 497 739 sime
518 644 655 769 igitur
684 651 858 741 schema
882 651 1033 771 templi
1057 652 1101 742 iu
1124 651 1262 741 lorma
1292 651 1518 740 severiana
1547 648 1737 741 effictum
1759 667 1870 741 est.-

389 812 456 900 Nil
480 810 580 903 dico
605 811 662 903 de
692 814 829 904 cellae
850 844 991 916 muro,
1022 812 1078 902 de
1100 843 1232 932 opere
1263 811 1490 916 scalarum,
1526 810 1582 902 de
1614 844 1686 902 ara
1717 813 1757 903 ei
1790 814 1869 902 im·

389 974 558 1093 posita:
592 976 636 1063 iu
656 973 980 1064 commentariis
1010 974 1190 1063 Formae
1219 1004 1341 1063 meae
1362 972 1607 1092 significavi
1645 971 1868 1065 diversum

388 1133 510 1253 qnod
530 1166 648 1226 nunc
678 1136 911 1256 aspicimus
940 1136 1151 1225 scalarum
1183 1134 1373 1238 schema,
1408 1166 1480 1225 ara
1509 1135 1701 1256 privum,
1727 1149 1869 1257 poste·

389 1294 580 1384 rioribus
601 1325 692 1386 esse
714 1293 1094 1385 aedificationibus
1115 1294 1440 1384 concinnatum.
1473 1291 1542 1383 Ad
1572 1326 1624 1384 ea
1645 1309 1872 1386 convertat

389 1456 527 1546 oratio
549 1488 661 1578 quae
690 1489 803 1548 nova
832 1471 935 1547 sunt
964 1457 1008 1544 in
1041 1456 1226 1546 lrustulo
1258 1489 1390 1547 novo.
1459 1543 1462 1548 J

506 1619 723 1709 Posticum
765 1619 917 1739 templi
960 1619 1146 1709 Castoris
1186 1617 1300 1706 viam
1341 1617 1565 1736 publicam
1611 1620 1870 1738 praeterisse

390 1776 588 1869 eiusdem
619 1781 730 1870 Feae
762 1779 986 1870 constabat
1015 1780 1251 1900 opusculo:
1294 1794 1413 1869 extat
1442 1778 1572 1869 buius
1601 1782 1700 1870 viae
1731 1780 1876 1872 lorma.

391 1941 435 2029 in
468 1940 651 2031 lrustulo
674 1972 805 2031 novo.
830 1938 920 2031 Sed
941 1970 1116 2060 prorsus
1138 1939 1446 2061 ignorabamus
1468 1940 1584 2030 viam
1607 1971 1719 2047 eam,
1745 1944 1871 2032 cuius

391 2103 434 2192 in
468 2104 603 2193 latere
636 2101 788 2222 templi
830 2102 1033 2192 orientali
1066 2117 1320 2222 comparent
1352 2101 1599 2224 relliquiae,
1634 2135 1721 2194 non
1752 2105 1865 2193 ultra

388 2267 629 2386 perrexisse
660 2263 716 2354 ad
746 2279 938 2354 montem
963 2264 1221 2354 Palatinum.
1246 2265 1369 2355 Nunc
1400 2265 1637 2355 clarissime
1666 2264 1864 2387 adparet,

389 2427 511 2550 quod
541 2426 647 2516 olim
678 2426 885 2546 suspicari
920 2426 1096 2531 licebat,
1131 2425 1350 2516 noviciam
1382 2457 1475 2517 esse
1507 2427 1664 2516 horum
1693 2427 1867 2518 silicum

388 2590 622 2709 originem,
656 2585 884 2677 accessisse
915 2598 1059 2673 antem
1090 2584 1188 2675 aedi
1223 2587 1408 2677 Castoris
1438 2587 1492 2678 ab
1524 2588 1693 2678 oriente
1724 2620 1867 2679 aream

388 2750 558 2871 aliquot
587 2745 970 2838 aedificationibus
1011 2745 1256 2837 minoribus
1297 2763 1568 2867 occupatam.
1611 2749 1720 2838 ltem
1752 2780 1868 2838 nnnc

389 2911 568 3002 demum
600 2909 893 3030 comperimus
923 2938 947 2995 a
978 2905 1072 2996 loro
1093 2937 1268 2998 sacrave
1300 2909 1372 2998 via
1394 2907 1451 2997 ad
1470 2909 1714 3000 Palatinum
1746 2942 1868 3000 mon·

390 3088 475 3162 tem
509 3072 590 3161 hac
635 3070 817 3190 regione
861 3068 1026 3190 clivum
1075 3069 1337 3189 pertinuisse
1382 3070 1475 3160 sive
1519 3071 1665 3190 polius
1710 3072 1869 3191 gradus

390 3266 577 3356 quorum
608 3234 652 3322 iu
675 3231 859 3321 lrustulo
882 3261 996 3320 novo
1018 3231 1157 3320 lorma
1177 3229 1387 3321 cernitur.
1421 3233 1591 3321 Monuit
1610 3235 1869 3324 Lancianius

287 3362 290 3366 Δ
389 3397 485 3486 loco
522 3426 650 3516 snpra
697 3390 891 3482 indicato
934 3390 1089 3480 borum
1131 3390 1349 3512 graduum
1388 3406 1556 3513 partem
1596 3395 1868 3515 superiorem

388 3587 505 3646 nunc
535 3585 715 3678 quoque
745 3581 986 3673 superesse.
1011 3551 1092 3657 Qui
1118 3551 1279 3671 gradus
1308 3553 1344 3643 si
1378 3553 1494 3644 linea
1535 3570 1653 3646 recta
1688 3553 1868 3647 descen·

389 3716 495 3810 dere
526 3716 583 3808 ad
613 3715 773 3819 lorum,
820 3742 1024 3834 peream
1067 3712 1322 3832 regionem,
1367 3747 1497 3836 quam
1538 3748 1654 3808 nuuc
1685 3717 1868 3807 ecclesia

388 3910 423 3969 s.
458 3878 617 3968 lllariae
647 3872 927 3966 Liberatricis
967 3888 1165 3990 occupat,
1205 3871 1427 3966 devenere
1457 3875 1513 3967 ad
1543 3877 1755 3997 templum
1787 3878 1868 3968 Ve-

388 4053 493 4144 stae,
528 4039 653 4128 cuins
683 4033 844 4126 rudera
873 4064 990 4124 nunc
1021 4048 1187 4124 extant.
1220 4036 1402 4130 lslocus
1417 4039 1540 4130 abest
1559 4070 1584 4128 a
1605 4038 1771 4159 templo
1792 4040 1868 4130 Ca·

388 4201 516 4292 storis
546 4199 697 4290 metris
728 4198 903 4288 circiter
931 4195 1014 4285 50:
1058 4195 1102 4284 in
1139 4197 1278 4289 lorma
1308 4198 1466 4292 absunt
1485 4199 1646 4321 gradus
1675 4231 1775 4290 cum
1798 4201 1870 4291 via

389 4363 564 4453 millim.
591 4363 661 4467 ll,
696 4361 780 4451 hoc
798 4374 863 4452 est
894 4358 1029 4479 ipsius
1061 4359 1190 4450 huius
1212 4393 1440 4453 mensurae
1470 4379 1593 4484 parte
1623 4394 1764 4485 paene
1785 4378 1869 4454 ter·

388 4525 640 4616 centesima.
664 4521 798 4614 Vides
829 4554 961 4644 quam
993 4537 1193 4612 accurate
1224 4521 1383 4613 artilex
1403 4525 1611 4646 antiquus
1631 4557 1740 4646 opus
1765 4522 1868 4618 elle·

386 4688 511 4779 cerit.
550 4683 697 4776 Medio
729 4684 821 4775 lere
853 4683 969 4774 inter
1008 4681 1169 4802 gradus
1208 4698 1252 4775 et
1283 4683 1437 4776 aedem
1468 4686 1610 4807 spatio
1646 4702 1870 4809 comparet

388 4845 641 4937 aedilicium
672 4874 813 4966 paene
833 4840 1095 4965 quadratum
1118 4843 1313 4962 amplum
1345 4845 1521 4936 circiter
1550 4847 1585 4935 si
1609 4877 1756 4936 rursus
1776 4878 1868 4936 mo·

387 5006 541 5098 dulum
562 5009 727 5098 lormae
748 5001 992 5126 respexeris
1007 5017 1135 5094 metr.
1161 5005 1349 5112 lo><lo
1365 5004 1628 5097 Ascenditur
1648 5006 1705 5096 ad
1725 5005 1773 5097 id
1789 5004 1868 5095 du·

388 5168 578 5288 plicibus
600 5168 823 5290 utrimque
833 5166 960 5258 scalis
982 5165 1197 5289 graduum
1210 5179 1524 5287 quaternorum
1539 5200 1549 5257 :
1567 5196 1698 5287 supra
1719 5179 1869 5256 extant

385 5330 478 5418 siro
508 5329 631 5419 bases
661 5329 754 5419 sire
785 5359 883 5417 arae
921 5327 1067 5417 binae.
1111 5329 1279 5429 Portae,
1324 5359 1409 5450 qua
1449 5361 1472 5416 a
1502 5329 1626 5418 scalis
1656 5328 1868 5416 introrsus
