<?xml version="1.0" encoding="UTF-8"?>
<!DOCTYPE html PUBLIC "-//W3C//DTD XHTML 1.0 Transitional//EN"
    "http://www.w3.org/TR/xhtml1/DTD/xhtml1-transitional.dtd">
<html xmlns="http://www.w3.org/1999/xhtml" xml:lang="en" lang="en">
 <head>
  <title>
</title>
<meta http-equiv="Content-Type" content="text/html;charset=utf-8" />
  <meta name='ocr-system' content='tesseract 3.04.00' />
  <meta name='ocr-capabilities' content='ocr_page ocr_carea ocr_par ocr_line ocrx_word'/>
</head>
<body>
  <div class='ocr_page' id='page_1' title='image "./deformaeurbisro00jordgoog_0011.png"; bbox 0 0 4724 6276; ppageno 0'>
   <div class='ocr_carea' id='block_1_1' title="bbox 1131 387 1276 449">
    <p class='ocr_par' dir='ltr' id='par_1_1' title="bbox 1131 387 1276 449">
     <span class='ocr_line' id='line_1_1' title="bbox 1131 387 1276 449; baseline 0 -15"><span class='ocrx_word' id='word_1_1' title='bbox 1131 387 1276 449; x_wconf 71' lang='lat'>„4-</span> 
     </span>
    </p>
   </div>
   <div class='ocr_carea' id='block_1_2' title="bbox 445 624 1934 2526">
    <p class='ocr_par' dir='ltr' id='par_1_2' title="bbox 445 624 1934 2526">
     <span class='ocr_line' id='line_1_2' title="bbox 452 624 1934 717; baseline 0.001 -3"><span class='ocrx_word' id='word_1_2' title='bbox 452 627 637 717; x_wconf 86' lang='lat' dir='ltr'>Castoris</span> <span class='ocrx_word' id='word_1_3' title='bbox 668 626 815 717; x_wconf 90' lang='lat' dir='ltr'>media</span> <span class='ocrx_word' id='word_1_4' title='bbox 845 641 985 717; x_wconf 87' lang='lat' dir='ltr'>aetate</span> <span class='ocrx_word' id='word_1_5' title='bbox 1017 641 1183 717; x_wconf 91' lang='lat' dir='ltr'>tantum</span> <span class='ocrx_word' id='word_1_6' title='bbox 1216 659 1303 717; x_wconf 96' lang='lat' dir='ltr'>non</span> <span class='ocrx_word' id='word_1_7' title='bbox 1335 657 1486 717; x_wconf 93' lang='lat' dir='ltr'>omnes</span> <span class='ocrx_word' id='word_1_8' title='bbox 1517 641 1760 717; x_wconf 88' lang='lat' dir='ltr'>eveterum</span> <span class='ocrx_word' id='word_1_9' title='bbox 1784 624 1934 716; x_wconf 86' lang='lat' dir='ltr'>aedili·</span> 
     </span>
     <span class='ocr_line' id='line_1_3' title="bbox 452 787 1934 910; baseline 0.001 -35"><span class='ocrx_word' id='word_1_10' title='bbox 452 787 620 878; x_wconf 88' lang='lat' dir='ltr'>ciorum</span> <span class='ocrx_word' id='word_1_11' title='bbox 653 788 870 910; x_wconf 81' lang='lat' dir='ltr'>relliquiis</span> <span class='ocrx_word' id='word_1_12' title='bbox 886 804 1109 878; x_wconf 87' lang='lat' dir='ltr'>extructae</span> <span class='ocrx_word' id='word_1_13' title='bbox 1127 803 1229 879; x_wconf 90' lang='lat' dir='ltr'>sunt</span> <span class='ocrx_word' id='word_1_14' title='bbox 1245 787 1470 892; x_wconf 90' lang='lat' dir='ltr'>disiciunt,</span> <span class='ocrx_word' id='word_1_15' title='bbox 1491 819 1590 879; x_wconf 93' lang='lat' dir='ltr'>casu</span> <span class='ocrx_word' id='word_1_16' title='bbox 1607 788 1800 909; x_wconf 86' lang='lat' dir='ltr'>permiro</span> <span class='ocrx_word' id='word_1_17' title='bbox 1822 787 1934 876; x_wconf 92' lang='lat' dir='ltr'>eius·</span> 
     </span>
     <span class='ocr_line' id='line_1_4' title="bbox 448 947 1934 1073; baseline -0.001 -37"><span class='ocrx_word' id='word_1_18' title='bbox 448 947 549 1038; x_wconf 92' lang='lat' dir='ltr'>dem</span> <span class='ocrx_word' id='word_1_19' title='bbox 591 948 755 1040; x_wconf 82' lang='lat' dir='ltr'>formae</span> <span class='ocrx_word' id='word_1_20' title='bbox 797 950 1032 1041; x_wconf 82' lang='lat' dir='ltr'>frustulum</span> <span class='ocrx_word' id='word_1_21' title='bbox 1072 952 1307 1056; x_wconf 86' lang='lat' dir='ltr'>invenere,</span> <span class='ocrx_word' id='word_1_22' title='bbox 1351 954 1517 1073; x_wconf 92' lang='lat' dir='ltr'>inquo</span> <span class='ocrx_word' id='word_1_23' title='bbox 1561 951 1712 1071; x_wconf 89' lang='lat' dir='ltr'>templi</span> <span class='ocrx_word' id='word_1_24' title='bbox 1749 949 1934 1038; x_wconf 85' lang='lat' dir='ltr'>Castoris</span> 
     </span>
     <span class='ocr_line' id='line_1_5' title="bbox 446 1111 1928 1235; baseline 0 -35"><span class='ocrx_word' id='word_1_25' title='bbox 446 1142 545 1231; x_wconf 90' lang='lat' dir='ltr'>pars</span> <span class='ocrx_word' id='word_1_26' title='bbox 576 1114 710 1203; x_wconf 88' lang='lat' dir='ltr'>altera</span> <span class='ocrx_word' id='word_1_27' title='bbox 742 1146 841 1204; x_wconf 92' lang='lat' dir='ltr'>cum</span> <span class='ocrx_word' id='word_1_28' title='bbox 872 1114 1050 1205; x_wconf 91' lang='lat' dir='ltr'>nomine</span> <span class='ocrx_word' id='word_1_29' title='bbox 1073 1114 1166 1234; x_wconf 93' lang='lat' dir='ltr'>ipso</span> <span class='ocrx_word' id='word_1_30' title='bbox 1188 1115 1352 1226; x_wconf 61' lang='lat' dir='ltr'>laurus?</span> <span class='ocrx_word' id='word_1_31' title='bbox 1373 1115 1575 1235; x_wconf 84' lang='lat' dir='ltr'>C]ostoris</span> <span class='ocrx_word' id='word_1_32' title='bbox 1606 1111 1826 1203; x_wconf 75' lang='lat' dir='ltr'>delineata</span> <span class='ocrx_word' id='word_1_33' title='bbox 1849 1127 1928 1203; x_wconf 89' lang='lat' dir='ltr'>est.</span> 
     </span>
     <span class='ocr_line' id='line_1_6' title="bbox 448 1270 1932 1397; baseline 0.001 -37"><span class='ocrx_word' id='word_1_34' title='bbox 448 1270 714 1364; x_wconf 79' lang='lat' dir='ltr'>Adservatur</span> <span class='ocrx_word' id='word_1_35' title='bbox 745 1275 828 1387; x_wconf 94' lang='lat' dir='ltr'>hoc</span> <span class='ocrx_word' id='word_1_36' title='bbox 859 1274 1091 1366; x_wconf 81' lang='lat' dir='ltr'>frustulum</span> <span class='ocrx_word' id='word_1_37' title='bbox 1124 1307 1242 1366; x_wconf 92' lang='lat' dir='ltr'>nunc</span> <span class='ocrx_word' id='word_1_38' title='bbox 1273 1275 1428 1367; x_wconf 88' lang='lat' dir='ltr'>eodem</span> <span class='ocrx_word' id='word_1_39' title='bbox 1456 1277 1552 1366; x_wconf 94' lang='lat' dir='ltr'>loco</span> <span class='ocrx_word' id='word_1_40' title='bbox 1569 1306 1658 1397; x_wconf 93' lang='lat' dir='ltr'>qno</span> <span class='ocrx_word' id='word_1_41' title='bbox 1681 1288 1823 1363; x_wconf 88' lang='lat' dir='ltr'>cetera</span> <span class='ocrx_word' id='word_1_42' title='bbox 1847 1273 1932 1362; x_wconf 88' lang='lat' dir='ltr'>lor·</span> 
     </span>
     <span class='ocr_line' id='line_1_7' title="bbox 447 1435 1934 1559; baseline -0.001 -36"><span class='ocrx_word' id='word_1_43' title='bbox 447 1466 543 1526; x_wconf 90' lang='lat' dir='ltr'>mae</span> <span class='ocrx_word' id='word_1_44' title='bbox 574 1435 832 1557; x_wconf 77' lang='lat' dir='ltr'>fragmenta,</span> <span class='ocrx_word' id='word_1_45' title='bbox 867 1438 911 1525; x_wconf 94' lang='lat' dir='ltr'>in</span> <span class='ocrx_word' id='word_1_46' title='bbox 943 1468 1092 1528; x_wconf 92' lang='lat' dir='ltr'>museo</span> <span class='ocrx_word' id='word_1_47' title='bbox 1124 1438 1385 1557; x_wconf 85' lang='lat' dir='ltr'>Capitolino.</span> <span class='ocrx_word' id='word_1_48' title='bbox 1404 1435 1491 1527; x_wconf 90' lang='lat' dir='ltr'>Sed</span> <span class='ocrx_word' id='word_1_49' title='bbox 1522 1435 1730 1559; x_wconf 89' lang='lat' dir='ltr'>quoniam</span> <span class='ocrx_word' id='word_1_50' title='bbox 1751 1465 1849 1554; x_wconf 91' lang='lat' dir='ltr'>spes</span> <span class='ocrx_word' id='word_1_51' title='bbox 1870 1449 1934 1524; x_wconf 85' lang='lat' dir='ltr'>est</span> 
     </span>
     <span class='ocr_line' id='line_1_8' title="bbox 447 1597 1933 1719; baseline -0.002 -33"><span class='ocrx_word' id='word_1_52' title='bbox 447 1597 540 1687; x_wconf 89' lang='lat' dir='ltr'>lore</span> <span class='ocrx_word' id='word_1_53' title='bbox 564 1613 621 1686; x_wconf 90' lang='lat' dir='ltr'>ut</span> <span class='ocrx_word' id='word_1_54' title='bbox 651 1630 750 1688; x_wconf 85' lang='lat' dir='ltr'>mox</span> <span class='ocrx_word' id='word_1_55' title='bbox 780 1629 892 1687; x_wconf 87' lang='lat' dir='ltr'>nora</span> <span class='ocrx_word' id='word_1_56' title='bbox 923 1599 1201 1718; x_wconf 89' lang='lat' dir='ltr'>reperiantur</span> <span class='ocrx_word' id='word_1_57' title='bbox 1231 1597 1388 1690; x_wconf 88' lang='lat' dir='ltr'>eodem</span> <span class='ocrx_word' id='word_1_58' title='bbox 1411 1600 1507 1689; x_wconf 92' lang='lat' dir='ltr'>loco</span> <span class='ocrx_word' id='word_1_59' title='bbox 1529 1629 1617 1719; x_wconf 93' lang='lat' dir='ltr'>quo</span> <span class='ocrx_word' id='word_1_60' title='bbox 1640 1610 1812 1716; x_wconf 91' lang='lat' dir='ltr'>reperta</span> <span class='ocrx_word' id='word_1_61' title='bbox 1832 1614 1933 1687; x_wconf 90' lang='lat' dir='ltr'>sunt</span> 
     </span>
     <span class='ocr_line' id='line_1_9' title="bbox 445 1757 1931 1878; baseline -0.002 -31"><span class='ocrx_word' id='word_1_62' title='bbox 445 1771 608 1864; x_wconf 89' lang='lat' dir='ltr'>vetera,</span> <span class='ocrx_word' id='word_1_63' title='bbox 646 1758 812 1878; x_wconf 76' lang='lat' dir='ltr'>placuit</span> <span class='ocrx_word' id='word_1_64' title='bbox 842 1757 921 1861; x_wconf 90' lang='lat' dir='ltr'>eis,</span> <span class='ocrx_word' id='word_1_65' title='bbox 947 1757 1109 1878; x_wconf 91' lang='lat' dir='ltr'>quibus</span> <span class='ocrx_word' id='word_1_66' title='bbox 1130 1758 1398 1849; x_wconf 86' lang='lat' dir='ltr'>urbanorum</span> <span class='ocrx_word' id='word_1_67' title='bbox 1420 1789 1671 1849; x_wconf 91' lang='lat' dir='ltr'>museorum</span> <span class='ocrx_word' id='word_1_68' title='bbox 1691 1790 1794 1847; x_wconf 91' lang='lat' dir='ltr'>cura</span> <span class='ocrx_word' id='word_1_69' title='bbox 1815 1787 1931 1845; x_wconf 87' lang='lat' dir='ltr'>corn·</span> 
     </span>
     <span class='ocr_line' id='line_1_10' title="bbox 446 1919 1931 2041; baseline 0.001 -32"><span class='ocrx_word' id='word_1_70' title='bbox 446 1921 574 2040; x_wconf 89' lang='lat' dir='ltr'>petit,</span> <span class='ocrx_word' id='word_1_71' title='bbox 608 1951 725 2010; x_wconf 93' lang='lat' dir='ltr'>nnnc</span> <span class='ocrx_word' id='word_1_72' title='bbox 755 1920 937 2041; x_wconf 91' lang='lat' dir='ltr'>quidem</span> <span class='ocrx_word' id='word_1_73' title='bbox 978 1919 1211 2010; x_wconf 81' lang='lat' dir='ltr'>frustulum</span> <span class='ocrx_word' id='word_1_74' title='bbox 1245 1920 1328 2010; x_wconf 89' lang='lat' dir='ltr'>hoc</span> <span class='ocrx_word' id='word_1_75' title='bbox 1359 1952 1522 2011; x_wconf 89' lang='lat' dir='ltr'>novum</span> <span class='ocrx_word' id='word_1_76' title='bbox 1567 1951 1652 2009; x_wconf 95' lang='lat' dir='ltr'>non</span> <span class='ocrx_word' id='word_1_77' title='bbox 1702 1935 1931 2010; x_wconf 87' lang='lat' dir='ltr'>conectere</span> 
     </span>
     <span class='ocr_line' id='line_1_11' title="bbox 447 2079 1930 2202; baseline 0 -33"><span class='ocrx_word' id='word_1_78' title='bbox 447 2112 546 2170; x_wconf 91' lang='lat' dir='ltr'>cnm</span> <span class='ocrx_word' id='word_1_79' title='bbox 579 2081 666 2170; x_wconf 93' lang='lat' dir='ltr'>illis</span> <span class='ocrx_word' id='word_1_80' title='bbox 696 2081 941 2172; x_wconf 89' lang='lat' dir='ltr'>veteribus:</span> <span class='ocrx_word' id='word_1_81' title='bbox 963 2082 1208 2171; x_wconf 89' lang='lat' dir='ltr'>intulerunt</span> <span class='ocrx_word' id='word_1_82' title='bbox 1238 2081 1375 2201; x_wconf 78' lang='lat' dir='ltr'>igitur</span> <span class='ocrx_word' id='word_1_83' title='bbox 1396 2083 1559 2172; x_wconf 92' lang='lat' dir='ltr'>scrinio</span> <span class='ocrx_word' id='word_1_84' title='bbox 1582 2079 1756 2172; x_wconf 88' lang='lat' dir='ltr'>cuidam</span> <span class='ocrx_word' id='word_1_85' title='bbox 1774 2082 1818 2169; x_wconf 96' lang='lat' dir='ltr'>in</span> <span class='ocrx_word' id='word_1_86' title='bbox 1842 2112 1930 2202; x_wconf 95' lang='lat' dir='ltr'>quo</span> 
     </span>
     <span class='ocr_line' id='line_1_12' title="bbox 445 2239 1931 2364; baseline 0 -34"><span class='ocrx_word' id='word_1_87' title='bbox 445 2274 610 2362; x_wconf 89' lang='lat' dir='ltr'>paucae</span> <span class='ocrx_word' id='word_1_88' title='bbox 640 2239 858 2363; x_wconf 87' lang='lat' dir='ltr'>quaedam</span> <span class='ocrx_word' id='word_1_89' title='bbox 889 2242 1001 2333; x_wconf 85' lang='lat' dir='ltr'>aliae</span> <span class='ocrx_word' id='word_1_90' title='bbox 1032 2275 1100 2333; x_wconf 87' lang='lat' dir='ltr'>ros</span> <span class='ocrx_word' id='word_1_91' title='bbox 1130 2241 1337 2364; x_wconf 88' lang='lat' dir='ltr'>antiquae</span> <span class='ocrx_word' id='word_1_92' title='bbox 1369 2274 1520 2334; x_wconf 87' lang='lat' dir='ltr'>recens</span> <span class='ocrx_word' id='word_1_93' title='bbox 1552 2243 1755 2332; x_wconf 89' lang='lat' dir='ltr'>inventae</span> <span class='ocrx_word' id='word_1_94' title='bbox 1787 2239 1931 2332; x_wconf 88' lang='lat' dir='ltr'>adser-</span> 
     </span>
     <span class='ocr_line' id='line_1_13' title="bbox 446 2400 1930 2526; baseline -0.001 -34"><span class='ocrx_word' id='word_1_95' title='bbox 446 2417 618 2508; x_wconf 90' lang='lat' dir='ltr'>vantur,</span> <span class='ocrx_word' id='word_1_96' title='bbox 654 2400 796 2493; x_wconf 91' lang='lat' dir='ltr'>donec</span> <span class='ocrx_word' id='word_1_97' title='bbox 826 2435 906 2493; x_wconf 93' lang='lat' dir='ltr'>suo</span> <span class='ocrx_word' id='word_1_98' title='bbox 939 2404 1100 2525; x_wconf 89' lang='lat' dir='ltr'>cuique</span> <span class='ocrx_word' id='word_1_99' title='bbox 1133 2404 1228 2492; x_wconf 97' lang='lat' dir='ltr'>loco</span> <span class='ocrx_word' id='word_1_100' title='bbox 1260 2401 1498 2526; x_wconf 86' lang='lat' dir='ltr'>aliquando</span> <span class='ocrx_word' id='word_1_101' title='bbox 1529 2433 1679 2492; x_wconf 93' lang='lat' dir='ltr'>omnes</span> <span class='ocrx_word' id='word_1_102' title='bbox 1699 2402 1930 2492; x_wconf 89' lang='lat' dir='ltr'>restituan-</span> 
     </span>
    </p>
   </div>
   <div class='ocr_carea' id='block_1_3' title="bbox 445 2562 1929 2685">
    <p class='ocr_par' dir='ltr' id='par_1_3' title="bbox 445 2562 1929 2685">
     <span class='ocr_line' id='line_1_14' title="bbox 445 2562 1929 2685; baseline -0.002 -32"><span class='ocrx_word' id='word_1_103' title='bbox 445 2579 529 2655; x_wconf 90' lang='lat' dir='ltr'>tur.</span> <span class='ocrx_word' id='word_1_104' title='bbox 567 2562 721 2654; x_wconf 78' lang='lat' dir='ltr'>Edidit</span> <span class='ocrx_word' id='word_1_105' title='bbox 763 2563 998 2655; x_wconf 78' lang='lat' dir='ltr'>frustulum</span> <span class='ocrx_word' id='word_1_106' title='bbox 1044 2596 1208 2653; x_wconf 92' lang='lat' dir='ltr'>novum</span> <span class='ocrx_word' id='word_1_107' title='bbox 1260 2596 1476 2654; x_wconf 93' lang='lat' dir='ltr'>unacum</span> <span class='ocrx_word' id='word_1_108' title='bbox 1514 2564 1678 2668; x_wconf 89' lang='lat' dir='ltr'>altero,</span> <span class='ocrx_word' id='word_1_109' title='bbox 1727 2562 1847 2685; x_wconf 88' lang='lat' dir='ltr'>quod</span> <span class='ocrx_word' id='word_1_110' title='bbox 1888 2564 1929 2653; x_wconf 93' lang='lat' dir='ltr'>ei</span> 
     </span>
    </p>
   </div>
   <div class='ocr_carea' id='block_1_4' title="bbox 354 2713 1975 5422">
    <p class='ocr_par' dir='ltr' id='par_1_4' title="bbox 354 2713 1975 5422">
     <span class='ocr_line' id='line_1_15' title="bbox 439 2713 1975 2846; baseline -0.002 -32"><span class='ocrx_word' id='word_1_111' title='bbox 439 2726 640 2846; x_wconf 81' lang='lat' dir='ltr'>proxime</span> <span class='ocrx_word' id='word_1_112' title='bbox 662 2723 849 2830; x_wconf 87' lang='lat' dir='ltr'>accedit,</span> <span class='ocrx_word' id='word_1_113' title='bbox 875 2723 1082 2815; x_wconf 89' lang='lat' dir='ltr'>Ridollus</span> <span class='ocrx_word' id='word_1_114' title='bbox 1110 2724 1369 2815; x_wconf 90' lang='lat' dir='ltr'>Lancianius</span> <span class='ocrx_word' id='word_1_115' title='bbox 1400 2725 1445 2812; x_wconf 94' lang='lat' dir='ltr'>in</span> <span class='ocrx_word' id='word_1_116' title='bbox 1476 2724 1734 2815; x_wconf 90' lang='lat' dir='ltr'>mensilibus</span> <span class='ocrx_word' id='word_1_117' title='bbox 1765 2724 1929 2812; x_wconf 86' lang='lat' dir='ltr'>italica·</span> <span class='ocrx_word' id='word_1_118' title='bbox 1972 2713 1975 2719; x_wconf 58' lang='grc'>’</span> 
     </span>
     <span class='ocr_line' id='line_1_16' title="bbox 443 2885 1931 3007; baseline 0 -32"><span class='ocrx_word' id='word_1_119' title='bbox 443 2918 540 2976; x_wconf 91' lang='lat' dir='ltr'>rum</span> <span class='ocrx_word' id='word_1_120' title='bbox 581 2885 940 2977; x_wconf 88' lang='lat' dir='ltr'>eruderationum</span> <span class='ocrx_word' id='word_1_121' title='bbox 980 2885 1202 2977; x_wconf 92' lang='lat' dir='ltr'>indicibus</span> <span class='ocrx_word' id='word_1_122' title='bbox 1243 2917 1356 3007; x_wconf 88' lang='lat' dir='ltr'>quae</span> <span class='ocrx_word' id='word_1_123' title='bbox 1387 2887 1545 2978; x_wconf 80' lang='lat' dir='ltr'>Notizic</span> <span class='ocrx_word' id='word_1_124' title='bbox 1575 2886 1687 3006; x_wconf 67' lang='lat' dir='ltr'>cepti</span> <span class='ocrx_word' id='word_1_125' title='bbox 1723 2886 1838 2975; x_wconf 81' lang='lat' dir='ltr'>scuni</span> <span class='ocrx_word' id='word_1_126' title='bbox 1866 2887 1931 2975; x_wconf 93' lang='lat' dir='ltr'>in·</span> 
     </span>
     <span class='ocr_line' id='line_1_17' title="bbox 441 3046 1929 3169; baseline 0.001 -34"><span class='ocrx_word' id='word_1_127' title='bbox 441 3047 693 3136; x_wconf 91' lang='lat' dir='ltr'>scribuntur</span> <span class='ocrx_word' id='word_1_128' title='bbox 723 3077 762 3137; x_wconf 90' lang='lat' dir='ltr'>a.</span> <span class='ocrx_word' id='word_1_129' title='bbox 798 3046 1000 3139; x_wconf 66' lang='lat' dir='ltr'>18821n.</span> <span class='ocrx_word' id='word_1_130' title='bbox 1032 3049 1173 3169; x_wconf 78' lang='lat' dir='ltr'>April.</span> <span class='ocrx_word' id='word_1_131' title='bbox 1210 3048 1297 3139; x_wconf 89' lang='lat' dir='ltr'>tab.</span> <span class='ocrx_word' id='word_1_132' title='bbox 1330 3047 1427 3138; x_wconf 87' lang='lat' dir='ltr'>XIV</span> <span class='ocrx_word' id='word_1_133' title='bbox 1448 3046 1750 3169; x_wconf 79' lang='lat' dir='ltr'>photagrapho</span> <span class='ocrx_word' id='word_1_134' title='bbox 1783 3077 1929 3158; x_wconf 88' lang='lat' dir='ltr'>exem·</span> 
     </span>
     <span class='ocr_line' id='line_1_18' title="bbox 441 3206 1930 3328; baseline 0 -33"><span class='ocrx_word' id='word_1_135' title='bbox 441 3209 540 3326; x_wconf 89' lang='lat' dir='ltr'>plo:</span> <span class='ocrx_word' id='word_1_136' title='bbox 575 3238 658 3327; x_wconf 78' lang='lat' dir='ltr'>ego</span> <span class='ocrx_word' id='word_1_137' title='bbox 690 3208 930 3298; x_wconf 90' lang='lat' dir='ltr'>utiterum</span> <span class='ocrx_word' id='word_1_138' title='bbox 962 3206 1117 3299; x_wconf 90' lang='lat' dir='ltr'>eadem</span> <span class='ocrx_word' id='word_1_139' title='bbox 1148 3207 1328 3300; x_wconf 77' lang='lat' dir='ltr'>ederem</span> <span class='ocrx_word' id='word_1_140' title='bbox 1370 3239 1569 3328; x_wconf 83' lang='lat' dir='ltr'>expressa</span> <span class='ocrx_word' id='word_1_141' title='bbox 1599 3241 1652 3299; x_wconf 85' lang='lat' dir='ltr'>ex</span> <span class='ocrx_word' id='word_1_142' title='bbox 1694 3207 1930 3297; x_wconf 81' lang='lat' dir='ltr'>chartaceis</span> 
     </span>
     <span class='ocr_line' id='line_1_19' title="bbox 441 3369 1927 3493; baseline 0 -35"><span class='ocrx_word' id='word_1_143' title='bbox 441 3370 609 3490; x_wconf 88' lang='lat' dir='ltr'>ectypis</span> <span class='ocrx_word' id='word_1_144' title='bbox 639 3400 690 3459; x_wconf 88' lang='lat' dir='ltr'>ea</span> <span class='ocrx_word' id='word_1_145' title='bbox 721 3401 769 3459; x_wconf 92' lang='lat' dir='ltr'>re</span> <span class='ocrx_word' id='word_1_146' title='bbox 801 3371 987 3461; x_wconf 85' lang='lat' dir='ltr'>maxime</span> <span class='ocrx_word' id='word_1_147' title='bbox 1020 3386 1264 3462; x_wconf 90' lang='lat' dir='ltr'>commotus</span> <span class='ocrx_word' id='word_1_148' title='bbox 1294 3403 1406 3474; x_wconf 90' lang='lat' dir='ltr'>sum,</span> <span class='ocrx_word' id='word_1_149' title='bbox 1440 3370 1562 3493; x_wconf 89' lang='lat' dir='ltr'>quod</span> <span class='ocrx_word' id='word_1_150' title='bbox 1592 3371 1661 3461; x_wconf 93' lang='lat' dir='ltr'>his</span> <span class='ocrx_word' id='word_1_151' title='bbox 1699 3371 1804 3490; x_wconf 90' lang='lat' dir='ltr'>ipsis</span> <span class='ocrx_word' id='word_1_152' title='bbox 1834 3369 1927 3459; x_wconf 87' lang='lat' dir='ltr'>die·</span> 
     </span>
     <span class='ocr_line' id='line_1_20' title="bbox 445 3529 1929 3652; baseline 0.001 -34"><span class='ocrx_word' id='word_1_153' title='bbox 445 3529 526 3619; x_wconf 91' lang='lat' dir='ltr'>bus</span> <span class='ocrx_word' id='word_1_154' title='bbox 547 3529 655 3619; x_wconf 92' lang='lat' dir='ltr'>mihi</span> <span class='ocrx_word' id='word_1_155' title='bbox 678 3561 778 3620; x_wconf 91' lang='lat' dir='ltr'>cum</span> <span class='ocrx_word' id='word_1_156' title='bbox 796 3533 1001 3622; x_wconf 85' lang='lat' dir='ltr'>Henzeno</span> <span class='ocrx_word' id='word_1_157' title='bbox 1023 3531 1150 3620; x_wconf 90' lang='lat' dir='ltr'>licuit</span> <span class='ocrx_word' id='word_1_158' title='bbox 1170 3564 1332 3622; x_wconf 89' lang='lat' dir='ltr'>novum</span> <span class='ocrx_word' id='word_1_159' title='bbox 1355 3532 1647 3652; x_wconf 84' lang='lat' dir='ltr'>fragmentum</span> <span class='ocrx_word' id='word_1_160' title='bbox 1665 3565 1764 3623; x_wconf 92' lang='lat' dir='ltr'>cum</span> <span class='ocrx_word' id='word_1_161' title='bbox 1779 3545 1929 3622; x_wconf 89' lang='lat' dir='ltr'>vetere</span> 
     </span>
     <span class='ocr_line' id='line_1_21' title="bbox 442 3690 1928 3815; baseline -0.001 -35"><span class='ocrx_word' id='word_1_162' title='bbox 442 3723 712 3811; x_wconf 88' lang='lat' dir='ltr'>comparare.</span> <span class='ocrx_word' id='word_1_163' title='bbox 757 3693 852 3798; x_wconf 82' lang='lat' dir='ltr'>Quo</span> <span class='ocrx_word' id='word_1_164' title='bbox 884 3693 1063 3813; x_wconf 77' lang='lat' dir='ltr'>negotio</span> <span class='ocrx_word' id='word_1_165' title='bbox 1095 3693 1177 3783; x_wconf 92' lang='lat' dir='ltr'>hoc</span> <span class='ocrx_word' id='word_1_166' title='bbox 1223 3694 1465 3784; x_wconf 91' lang='lat' dir='ltr'>certissime</span> <span class='ocrx_word' id='word_1_167' title='bbox 1496 3695 1700 3815; x_wconf 90' lang='lat' dir='ltr'>apparuit</span> <span class='ocrx_word' id='word_1_168' title='bbox 1730 3690 1928 3783; x_wconf 91' lang='lat' dir='ltr'>eiusdem</span> 
     </span>
     <span class='ocr_line' id='line_1_22' title="bbox 354 3852 1928 3977; baseline -0.002 -34"><span class='ocrx_word' id='word_1_169' title='bbox 354 3871 359 3879; x_wconf 84' lang='grc'><strong>’</strong></span> <span class='ocrx_word' id='word_1_170' title='bbox 442 3884 534 3943; x_wconf 85' lang='lat' dir='ltr'>esse</span> <span class='ocrx_word' id='word_1_171' title='bbox 554 3854 719 3944; x_wconf 81' lang='lat' dir='ltr'>formae</span> <span class='ocrx_word' id='word_1_172' title='bbox 736 3869 987 3976; x_wconf 88' lang='lat' dir='ltr'>utrumque,</span> <span class='ocrx_word' id='word_1_173' title='bbox 1008 3885 1138 3977; x_wconf 91' lang='lat' dir='ltr'>quam</span> <span class='ocrx_word' id='word_1_174' title='bbox 1156 3854 1337 3975; x_wconf 91' lang='lat' dir='ltr'>quidem</span> <span class='ocrx_word' id='word_1_175' title='bbox 1361 3855 1476 3945; x_wconf 89' lang='lat' dir='ltr'>inter</span> <span class='ocrx_word' id='word_1_176' title='bbox 1497 3886 1632 3944; x_wconf 92' lang='lat' dir='ltr'>annos</span> <span class='ocrx_word' id='word_1_177' title='bbox 1653 3887 1696 3975; x_wconf 88' lang='lat' dir='ltr'>p.</span> <span class='ocrx_word' id='word_1_178' title='bbox 1721 3855 1768 3943; x_wconf 90' lang='lat' dir='ltr'>C.</span> <span class='ocrx_word' id='word_1_179' title='bbox 1793 3852 1928 3942; x_wconf 71' lang='lat' dir='ltr'>nnus</span> 
     </span>
     <span class='ocr_line' id='line_1_23' title="bbox 442 4013 1925 4106; baseline -0.001 -3"><span class='ocrx_word' id='word_1_180' title='bbox 442 4028 487 4103; x_wconf 91' lang='lat' dir='ltr'>et</span> <span class='ocrx_word' id='word_1_181' title='bbox 514 4015 596 4104; x_wconf 60' lang='lat' dir='ltr'>lll</span> <span class='ocrx_word' id='word_1_182' title='bbox 632 4015 838 4104; x_wconf 88' lang='lat' dir='ltr'>marmori</span> <span class='ocrx_word' id='word_1_183' title='bbox 871 4014 1050 4105; x_wconf 91' lang='lat' dir='ltr'>incisam</span> <span class='ocrx_word' id='word_1_184' title='bbox 1082 4035 1174 4106; x_wconf 84' lang='lat' dir='ltr'>es&#39;se</span> <span class='ocrx_word' id='word_1_185' title='bbox 1205 4030 1386 4105; x_wconf 86' lang='lat' dir='ltr'>constat.</span> <span class='ocrx_word' id='word_1_186' title='bbox 1420 4016 1539 4105; x_wconf 94' lang='lat' dir='ltr'>Scito</span> <span class='ocrx_word' id='word_1_187' title='bbox 1561 4015 1680 4106; x_wconf 92' lang='lat' dir='ltr'>enim</span> <span class='ocrx_word' id='word_1_188' title='bbox 1697 4013 1925 4105; x_wconf 88' lang='lat' dir='ltr'>Horatium</span> 
     </span>
     <span class='ocr_line' id='line_1_24' title="bbox 441 4172 1927 4298; baseline -0.003 -34"><span class='ocrx_word' id='word_1_189' title='bbox 441 4173 738 4265; x_wconf 83' lang='lat' dir='ltr'>Marucchium</span> <span class='ocrx_word' id='word_1_190' title='bbox 770 4207 869 4265; x_wconf 88' lang='lat' dir='ltr'>cnm</span> <span class='ocrx_word' id='word_1_191' title='bbox 900 4177 1005 4266; x_wconf 91' lang='lat' dir='ltr'>alibi</span> <span class='ocrx_word' id='word_1_192' title='bbox 1038 4191 1129 4266; x_wconf 91' lang='lat' dir='ltr'>tum</span> <span class='ocrx_word' id='word_1_193' title='bbox 1167 4178 1212 4266; x_wconf 93' lang='lat' dir='ltr'>in</span> <span class='ocrx_word' id='word_1_194' title='bbox 1244 4177 1357 4268; x_wconf 90' lang='lat' dir='ltr'>libro</span> <span class='ocrx_word' id='word_1_195' title='bbox 1389 4177 1505 4281; x_wconf 90' lang='lat' dir='ltr'>utili,</span> <span class='ocrx_word' id='word_1_196' title='bbox 1540 4209 1673 4298; x_wconf 90' lang='lat' dir='ltr'>quem</span> <span class='ocrx_word' id='word_1_197' title='bbox 1706 4172 1927 4294; x_wconf 87' lang='lat' dir='ltr'>inscripsit</span> 
     </span>
     <span class='ocr_line' id='line_1_25' title="bbox 438 4321 1927 4461; baseline 0.003 -38"><span class='ocrx_word' id='word_1_198' title='bbox 438 4336 698 4426; x_wconf 80' lang='lat' dir='ltr'>Descrizionc</span> <span class='ocrx_word' id='word_1_199' title='bbox 719 4336 787 4426; x_wconf 82' lang='lat' dir='ltr'>del</span> <span class='ocrx_word' id='word_1_200' title='bbox 803 4336 899 4459; x_wconf 80' lang='lat' dir='ltr'>foro</span> <span class='ocrx_word' id='word_1_201' title='bbox 920 4371 1092 4428; x_wconf 83' lang='lat' dir='ltr'>romono</span> <span class='ocrx_word' id='word_1_202' title='bbox 1114 4373 1158 4461; x_wconf 90' lang='lat' dir='ltr'>p.</span> <span class='ocrx_word' id='word_1_203' title='bbox 1183 4339 1256 4439; x_wconf 84' lang='lat'>65,</span> <span class='ocrx_word' id='word_1_204' title='bbox 1280 4370 1444 4429; x_wconf 90' lang='lat' dir='ltr'>novum</span> <span class='ocrx_word' id='word_1_205' title='bbox 1466 4321 1927 4459; x_wconf 43' lang='lat' dir='ltr'>fragmentum&#39;conie·</span> 
     </span>
     <span class='ocr_line' id='line_1_26' title="bbox 439 4495 1925 4623; baseline 0.001 -37"><span class='ocrx_word' id='word_1_206' title='bbox 439 4495 547 4587; x_wconf 90' lang='lat' dir='ltr'>cisse</span> <span class='ocrx_word' id='word_1_207' title='bbox 566 4528 792 4618; x_wconf 89' lang='lat' dir='ltr'>superesse</span> <span class='ocrx_word' id='word_1_208' title='bbox 807 4497 864 4589; x_wconf 88' lang='lat' dir='ltr'>de</span> <span class='ocrx_word' id='word_1_209' title='bbox 885 4500 1024 4590; x_wconf 86' lang='lat' dir='ltr'>forma</span> <span class='ocrx_word' id='word_1_210' title='bbox 1043 4499 1164 4592; x_wconf 90' lang='lat' dir='ltr'>urbis</span> <span class='ocrx_word' id='word_1_211' title='bbox 1184 4499 1433 4622; x_wconf 88' lang='lat' dir='ltr'>antiquiore</span> <span class='ocrx_word' id='word_1_212' title='bbox 1462 4500 1552 4606; x_wconf 88' lang='lat' dir='ltr'>illa,</span> <span class='ocrx_word' id='word_1_213' title='bbox 1573 4532 1704 4623; x_wconf 90' lang='lat' dir='ltr'>quam</span> <span class='ocrx_word' id='word_1_214' title='bbox 1720 4497 1925 4619; x_wconf 86' lang='lat' dir='ltr'>suspicati</span> 
     </span>
     <span class='ocr_line' id='line_1_27' title="bbox 437 4658 1926 4784; baseline 0 -37"><span class='ocrx_word' id='word_1_215' title='bbox 437 4673 538 4747; x_wconf 89' lang='lat' dir='ltr'>sunt</span> <span class='ocrx_word' id='word_1_216' title='bbox 567 4659 695 4748; x_wconf 92' lang='lat' dir='ltr'>multi</span> <span class='ocrx_word' id='word_1_217' title='bbox 729 4659 1038 4781; x_wconf 88' lang='lat' dir='ltr'>imperatorem</span> <span class='ocrx_word' id='word_1_218' title='bbox 1069 4663 1379 4784; x_wconf 86' lang='lat' dir='ltr'>Vespasianum</span> <span class='ocrx_word' id='word_1_219' title='bbox 1412 4661 1618 4752; x_wconf 89' lang='lat' dir='ltr'>marmori</span> <span class='ocrx_word' id='word_1_220' title='bbox 1642 4658 1926 4751; x_wconf 88' lang='lat' dir='ltr'>incidendam</span> 
     </span>
     <span class='ocr_line' id='line_1_28' title="bbox 440 4819 1923 4954; baseline -0.001 -45"><span class='ocrx_word' id='word_1_221' title='bbox 440 4850 627 4910; x_wconf 87' lang='lat' dir='ltr'>curasse.</span> <span class='ocrx_word' id='word_1_222' title='bbox 662 4821 794 4912; x_wconf 83' lang='lat' dir='ltr'>Cuius</span> <span class='ocrx_word' id='word_1_223' title='bbox 825 4823 1102 4914; x_wconf 90' lang='lat' dir='ltr'>coniecturae</span> <span class='ocrx_word' id='word_1_224' title='bbox 1134 4855 1279 4915; x_wconf 88' lang='lat' dir='ltr'>causas</span> <span class='ocrx_word' id='word_1_225' title='bbox 1310 4824 1388 4914; x_wconf 86' lang='lat' dir='ltr'>ille</span> <span class='ocrx_word' id='word_1_226' title='bbox 1424 4824 1506 4954; x_wconf 87' lang='lat' dir='ltr'>ibi</span> <span class='ocrx_word' id='word_1_227' title='bbox 1533 4821 1764 4943; x_wconf 89' lang='lat' dir='ltr'>adscripsit</span> <span class='ocrx_word' id='word_1_228' title='bbox 1790 4819 1923 4910; x_wconf 86' lang='lat' dir='ltr'>duas:</span> 
     </span>
     <span class='ocr_line' id='line_1_29' title="bbox 443 4978 1924 5105; baseline 0.001 -38"><span class='ocrx_word' id='word_1_229' title='bbox 443 4978 785 5097; x_wconf 87' lang='lat' dir='ltr'>primum-enim</span> <span class='ocrx_word' id='word_1_230' title='bbox 829 4983 960 5102; x_wconf 88' lang='lat' dir='ltr'>plane</span> <span class='ocrx_word' id='word_1_231' title='bbox 991 4981 1164 5075; x_wconf 89' lang='lat' dir='ltr'>diversa</span> <span class='ocrx_word' id='word_1_232' title='bbox 1213 4985 1386 5075; x_wconf 87' lang='lat' dir='ltr'>ratione</span> <span class='ocrx_word' id='word_1_233' title='bbox 1416 4984 1646 5105; x_wconf 88' lang='lat' dir='ltr'>utriusque</span> <span class='ocrx_word' id='word_1_234' title='bbox 1691 4979 1924 5101; x_wconf 76' lang='lat' dir='ltr'>fragmenti</span> 
     </span>
     <span class='ocr_line' id='line_1_30' title="bbox 440 5138 1925 5273; baseline 0.005 -49"><span class='ocrx_word' id='word_1_235' title='bbox 440 5138 653 5231; x_wconf 88' lang='lat' dir='ltr'>artificem</span> <span class='ocrx_word' id='word_1_236' title='bbox 689 5174 779 5232; x_wconf 88' lang='lat' dir='ltr'>rem</span> <span class='ocrx_word' id='word_1_237' title='bbox 797 5143 953 5273; x_wconf 79' lang='lat' dir='ltr'>egisse,</span> <span class='ocrx_word' id='word_1_238' title='bbox 977 5144 1161 5267; x_wconf 89' lang='lat' dir='ltr'>eiusque</span> <span class='ocrx_word' id='word_1_239' title='bbox 1183 5143 1450 5235; x_wconf 87' lang='lat' dir='ltr'>diversitatis</span> <span class='ocrx_word' id='word_1_240' title='bbox 1492 5158 1645 5234; x_wconf 88' lang='lat' dir='ltr'>testem</span> <span class='ocrx_word' id='word_1_241' title='bbox 1677 5141 1783 5233; x_wconf 89' lang='lat' dir='ltr'>lecit</span> <span class='ocrx_word' id='word_1_242' title='bbox 1802 5138 1925 5262; x_wconf 92' lang='lat' dir='ltr'>quod</span> 
     </span>
     <span class='ocr_line' id='line_1_31' title="bbox 444 5296 1922 5422; baseline 0.003 -38"><span class='ocrx_word' id='word_1_243' title='bbox 444 5296 535 5415; x_wconf 90' lang='lat' dir='ltr'>ipse</span> <span class='ocrx_word' id='word_1_244' title='bbox 565 5299 710 5389; x_wconf 88' lang='lat' dir='ltr'>edidit</span> <span class='ocrx_word' id='word_1_245' title='bbox 738 5333 890 5392; x_wconf 89' lang='lat' dir='ltr'>eorum</span> <span class='ocrx_word' id='word_1_246' title='bbox 922 5304 1199 5422; x_wconf 79' lang='lat' dir='ltr'>exemplum3</span> <span class='ocrx_word' id='word_1_247' title='bbox 1224 5300 1388 5392; x_wconf 90' lang='lat' dir='ltr'>deinde</span> <span class='ocrx_word' id='word_1_248' title='bbox 1409 5303 1637 5393; x_wconf 90' lang='lat' dir='ltr'>inventum</span> <span class='ocrx_word' id='word_1_249' title='bbox 1655 5331 1922 5391; x_wconf 84' lang='lat' dir='ltr'>essenorum</span> 
     </span>
    </p>
   </div>
   <div class='ocr_carea' id='block_1_5' title="bbox 0 0 2366 6276">
    <p class='ocr_par' dir='ltr' id='par_1_5' title="bbox 0 0 2366 6276">
     <span class='ocr_line' id='line_1_32' title="bbox 0 0 2366 6276; baseline 0 2"><span class='ocrx_word' id='word_1_250' title='bbox 0 0 2366 6276; x_wconf 95' lang='lat' dir='ltr'> </span> 
     </span>
    </p>
   </div>
  </div>
 </body>
</html>
