4634 6292
961 429 1116 494 ..7-

292 693 496 769 terumve
526 691 725 767 veterum
760 674 956 796 lapidum
991 676 1285 793 fragmentum
1318 672 1580 761 abstractum
1613 701 1705 762 esse
1736 672 1780 760 in

298 839 562 957 templorum
595 837 782 925 Castoris
811 836 1056 954 Vestaeque
1085 834 1313 924 viciniam.

411 999 652 1119 Reliquom
683 1013 750 1087 est
779 1011 828 1087 ut
854 996 964 1118 quid
983 995 1088 1085 novi
1112 994 1168 1083 de
1191 994 1385 1114 antiquis
1406 994 1702 1084 monumentis
1723 1008 1785 1084 te·

298 1162 513 1252 stificetur
564 1160 860 1279 fragmentum
906 1189 1099 1260 novum,
1135 1154 1286 1275 paucis
1330 1152 1580 1267 doceamus.
1615 1155 1786 1244 Veteris

298 1321 472 1410 lmstuli
504 1335 672 1441 partem
715 1350 831 1410 nunc
870 1317 1090 1441 perditam
1131 1332 1181 1404 ut
1219 1348 1298 1436 par
1337 1330 1402 1405 est
1440 1315 1700 1405 exhibemus
1731 1345 1787 1405 ex

299 1485 500 1572 vaticano
533 1481 687 1572 codice
720 1481 1001 1602 descriptam,
1037 1511 1125 1568 non
1158 1510 1213 1569 ex
1245 1477 1422 1567 novicio
1456 1472 1619 1596 lapide,
1654 1508 1787 1598 quem

297 1658 468 1734 constat
497 1645 786 1764 neglegenter
816 1675 872 1733 ex
903 1643 986 1731 boc
1018 1641 1257 1761 archetypo
1291 1669 1382 1728 esse
1410 1639 1713 1728 instauratum.
1737 1638 1786 1726 ln

302 1803 379 1894 illo
397 1804 550 1894 codice
566 1805 692 1923 lateri
715 1803 868 1924 templi
892 1804 934 1892 ei
958 1801 1079 1924 quod
1101 1798 1378 1889 occidentem
1400 1829 1549 1887 versus
1571 1797 1789 1887 directum

296 1979 367 2053 est
385 1961 592 2053 undecim
612 1963 842 2053 columnae
861 1962 1183 2063 attribuuntur,
1203 1990 1290 2048 non
1315 1957 1495 2047 decem:
1521 1956 1646 2047 vides
1668 1962 1714 2046 in
1731 1974 1792 2047 ta-

301 2122 405 2213 bula
437 2139 581 2213 nostra
612 2120 805 2213 eundem
836 2123 1142 2212 columnarum
1168 2150 1405 2209 numerum
1429 2119 1473 2206 in
1497 2119 1634 2207 altero
1657 2120 1792 2209 latere

306 2315 577 2404 comparere.
610 2280 745 2373 Vides
775 2313 876 2372 eum
908 2283 984 2402 qui
1030 2281 1211 2370 formam
1245 2276 1382 2399 lapidi
1418 2279 1638 2399 inscripsit
1664 2297 1795 2402 eaput

308 2445 372 2535 rei
395 2459 594 2558 accurate
625 2444 869 2548 effinxisse,
904 2444 949 2532 in
982 2441 1114 2531 rebus
1147 2437 1404 2542 levioribus,
1439 2439 1630 2529 eundem
1665 2441 1794 2531 solito

307 2635 430 2694 more
461 2605 752 2725 neglegenter
774 2606 845 2695 vel
879 2604 1025 2725 potius
1045 2601 1302 2691 festinanter
1324 2630 1433 2718 opus
1454 2598 1664 2691 effecisse.
1688 2602 1793 2690 Nam

310 2794 407 2852 eum
441 2778 616 2854 curaret
647 2765 723 2856 ille
746 2779 808 2869 ut,
833 2762 995 2886 quibus
1025 2759 1201 2851 schema
1232 2756 1384 2876 templi
1417 2760 1682 2865 continetur,
1716 2794 1796 2851 nu·
1840 2869 1844 2883 ι

310 2955 456 3014 merus
476 2926 795 3028 columnarum,
822 2925 958 3013 cellae
977 2921 1184 3023 ambitus,
1208 2949 1317 3037 opus
1347 2918 1559 3008 scalarum
1582 2952 1680 3010 cum
1704 2955 1793 3029 ara,

311 3099 429 3174 recte
461 3103 789 3206 comparerent,
826 3083 943 3176 idem
986 3113 1141 3204 parum
1175 3080 1346 3168 curavit
1375 3080 1557 3200 angulos
1587 3098 1637 3171 ut
1673 3115 1798 3174 accu-

311 3262 403 3337 rate
433 3244 665 3367 dirigeret,
699 3248 838 3369 spatia
869 3246 1031 3369 quibus
1062 3243 1292 3332 columnae
1324 3240 1595 3334 dirimuntur
1639 3277 1798 3368 aequa·

311 3408 464 3498 biliter
495 3406 791 3498 dimetiretur.
824 3409 888 3497 lta
910 3408 1072 3497 factum
1103 3419 1168 3495 est
1210 3416 1259 3492 ιιι
1288 3403 1407 3495 frons
1439 3409 1590 3527 templi
1632 3408 1799 3527 postico

311 3567 725 3673 breviorevaderet,
741 3567 983 3691 latusquod
999 3571 1215 3660 orientem
1229 3568 1581 3690 spectatlongior
1594 3567 1801 3660 occiden-

315 3730 408 3818 tali.
442 3729 531 3819 Sed
553 3730 855 3821 columnarum
887 3761 1135 3837 numerum,
1171 3735 1247 3854 qui
1281 3732 1436 3823 aedem
1468 3729 1801 3820 celeberrimam

316 3888 583 3993 ambiebant,
618 3921 720 3980 cum
752 3891 892 4011 ipsum
921 3889 1070 3996 fuisse,
1093 3925 1225 4015 quem
1248 3894 1386 3984 forma
1404 3893 1584 4013 antiqua
1603 3890 1800 3994 exhibet,

314 4068 570 4140 octonarum
603 4051 647 4138 in
680 4051 840 4154 fronte,
875 4052 1151 4143 undenarum
1185 4056 1230 4143 in
1263 4056 1414 4159 latere,
1448 4055 1616 4174 primus
1645 4052 1805 4142 exactis

316 4212 532 4301 mensuris
552 4225 598 4301 et
613 4214 781 4332 postico
804 4215 956 4334 templi
981 4231 1145 4335 aparte
1166 4215 1431 4306 occidentali
1454 4228 1747 4334 pertemptato
1762 4228 1807 4302 et

318 4372 553 4462 eruderato
575 4371 724 4463 effecit
739 4376 809 4464 vir
831 4374 1188 4496 incomparabilis
1208 4378 1388 4468 Carolus
1409 4378 1495 4466 Fea
1516 4375 1691 4465 adiutus
1714 4390 1805 4463 tum

320 4535 529 4653 temporis
558 4533 750 4624 Mazoisii
773 4550 819 4624 et
838 4535 1053 4625 Landonii
1079 4538 1274 4628 consiliis
1296 4552 1340 4627 et
1361 4537 1650 4657 experientia.
1676 4538 1808 4627 Cuius

313 4693 488 4783 inventi
521 4694 738 4784 rationem
760 4695 838 4786 ille
859 4695 1059 4787 reddidit
1079 4699 1125 4786 in
1148 4699 1262 4788 libro
1285 4698 1362 4818 qui
1385 4697 1642 4787 inscribitur
1663 4700 1807 4787 Frum-

321 4857 443 4945 menti
461 4855 506 4945 di
523 4854 625 4977 [asti
644 4858 855 4948 consolari
882 4893 904 4949 e
934 4859 1127 4982 trionfali
1144 4860 1234 4949 tab.
1257 4861 1297 4948 ll
1317 4875 1361 4948 et
1383 4891 1457 4979 pp.
1473 4858 1532 4948 XI
1553 4875 1598 4948 et
1618 4860 1806 4950 CXXIII.

318 5016 415 5106 Non
446 5019 607 5107 mirum
640 5033 706 5109 est
744 5019 866 5142 quod
895 5023 1050 5127 multi,
1095 5025 1171 5142 qui
1214 5021 1270 5112 de
1311 5019 1421 5110 aede
1460 5020 1645 5109 Castoris
1675 5020 1811 5111 verba

324 5179 484 5283 fecere,
509 5195 585 5269 aut
605 5213 847 5303 numquam
878 5182 1035 5273 videre
1067 5184 1197 5274 istum
1230 5182 1394 5271 librum
1427 5194 1504 5269 aut
1522 5180 1658 5271 futtili
1680 5212 1813 5301 opera

319 5371 547 5431 mensuras
579 5341 640 5433 ibi
673 5343 887 5464 expositas
918 5343 1224 5465 repudiarunt.
1258 5345 1352 5448 Qua
1384 5341 1440 5434 de
1471 5341 1715 5433 redictum
1747 5355 1812 5432 est
