4634 6292
1202 383 1377 445 ..10-

541 625 685 715 aditus
715 641 894 746 pateat,
929 628 1137 749 quoniarn
1168 626 1341 715 nulium
1372 640 1595 745 comparet
1625 624 1893 745 vestigium,
1941 624 2024 716 hoc

540 785 792 876 aedificium
827 786 1000 877 rnodice
1031 785 1250 876 sublatum
1282 818 1369 875 non
1401 785 1567 876 dixeris
1607 783 1814 891 dornurn,
1849 785 2020 888 cellam,

540 945 785 1037 aediculam
821 978 939 1037 csse:
975 949 1105 1068 longe
1135 947 1323 1037 similius
1354 963 1418 1036 est
1448 947 1540 1039 veri
1584 944 1707 1066 podii
1739 959 2022 1066 suggestusve

537 1110 718 1200 nornine
759 1142 851 1200 esse
881 1108 1236 1229 significandum.
1272 1109 1411 1199 Huius
1449 1106 1641 1198 aedificii
1683 1107 1870 1229 vestigia
1904 1109 1939 1197 si
1971 1140 2023 1197 ex

542 1283 649 1374 tant,
685 1269 971 1360 invenientur
1000 1268 1082 1359 snb
1103 1283 1230 1389 porta
1251 1267 1461 1359 ecciesiae
1482 1299 1516 1357 s.
1540 1269 1701 1359 Mariae
1722 1267 2019 1371 Liberatricis,

540 1463 670 1551 quarn
702 1448 804 1522 sunt
834 1432 910 1554 qui
941 1428 1118 1552 sperent
1147 1428 1370 1520 deiectum
1403 1430 1456 1519 iri
1483 1430 1686 1550 proximo
1719 1446 1934 1550 ternpore.
1969 1431 2018 1519 ln

540 1593 785 1684 litterarum
816 1593 1096 1714 antiquarum
1128 1591 1339 1682 memoria
1362 1589 1555 1681 aedificii
1588 1591 1720 1682 huius
1752 1593 1922 1683 nuilurn
1955 1593 2021 1682 in-

538 1755 641 1843 veni
672 1755 925 1874 vestigium.
960 1755 1135 1844 Frivola
1165 1753 1302 1873 igitur
1331 1753 1473 1842 omnis
1504 1751 1561 1842 de
1592 1785 1645 1844 eo
1677 1755 1944 1848 coniectura.

654 1915 857 2037 Denique
888 1914 1157 2036 quaesiveris
1198 1929 1404 2004 utrumne
1445 1912 1604 2005 artiiex
1636 1916 1858 2035 [CJastoris
1889 1949 2019 2007 voca·

539 2077 693 2167 bulum
718 2077 883 2198 ternplo
906 2075 1155 2197 ascripserit
1174 2076 1315 2166 sotum
1347 2108 1402 2166 an
1434 2076 1567 2201 [aedes
1598 2079 1788 2190 doctoris
1827 2077 2018 2170 dederit.

537 2239 645 2328 Mihi
677 2237 856 2329 videtur
887 2236 971 2327 hoc
1002 2237 1156 2328 iecisse
1188 2269 1309 2328 more
1339 2238 1559 2328 sollemni.
1594 2237 1726 2329 dedis
1756 2239 2018 2330 vocabulum

537 2399 680 2490 ornitti
713 2398 890 2488 ridetur
931 2398 977 2487 in
1018 2398 1184 2488 iorrnae
1225 2399 1280 2487 ir.
1312 2399 1342 2487 8
1373 2398 1449 2488 nbi
1481 2400 1691 2491 Minerboc
1721 2400 1821 2493 aedi
1852 2402 2020 2492 aventi·

538 2563 661 2653 nensi
693 2560 962 2681 adscriptum
995 2560 1198 2678 legimus,
1234 2561 1339 2651 item
1371 2576 1514 2681 potest
1545 2565 1615 2654 vel
1638 2563 1760 2656 aedis
1779 2565 1851 2654 vei
1872 2564 2018 2654 sacelli

535 2724 797 2843 significatio
829 2721 980 2813 deesse
1016 2722 1060 2810 in
1093 2722 1147 2810 ir.
1180 2723 1238 2813 25⁵
1270 2723 1573 2843 [LJibcr’tottis].
1607 2724 1692 2816 Sed
1725 2738 1770 2815 et
1795 2725 1840 2814 in
1867 2726 2016 2816 irr·.‘6.

533 2885 605 2975 55.
629 2885 687 2978 96
716 2885 923 2976 scribitur
943 2885 985 2974 in
1008 2884 1201 2994 Temere]
1233 2938 1260 2956 -
1290 2887 1424 2986 aedes,
1457 2887 1568 2977 aedis
1599 2889 1710 2978 lovis
1740 2941 1768 2959 -
1800 2888 1911 2979 aedis
1947 2890 2016 2978 lu·

533 3048 666 3145 raonis,
698 3046 924 3165 tcm[plum]
957 3046 1153 3160 di[oi..?],
1188 3061 1233 3137 et
1255 3047 1298 3134 in
1322 3078 1376 3137 eo
1393 3049 1637 3168 fragmento
1659 3048 1778 3170 quod
1801 3082 1900 3141 curn
1922 3082 2018 3141 nos·

533 3207 633 3296 stris
663 3208 879 3298 artissime
911 3209 1194 3298 coniunctum
1226 3224 1291 3299 est
1322 3241 1408 3298 non
1430 3207 1587 3300 dubito
1619 3212 1727 3334 quin
1760 3212 1893 3323 [aedes
1923 3213 2019 3324 Sa]-

538 3371 651 3459 turni
672 3370 729 3458 ita
751 3371 962 3489 scriptum
994 3369 1145 3474 inerit,
1180 3384 1229 3458 ut
1258 3372 1380 3491 prius
1405 3372 1667 3462 vocabulum
1688 3372 1929 3464 secundum
1953 3377 2017 3465 vi·

535 3532 684 3619 cinurn
727 3530 989 3621 vocabulum
1031 3529 1301 3649 [Conc]ordio
1346 3530 1626 3651 pertinuerit.
1669 3534 1794 3639 Quod
1831 3535 1865 3624 si
1907 3552 2015 3640 erat,

534 3692 708 3780 Saturni
749 3691 1026 3812 Castorisque
1065 3689 1241 3780 aedium
1282 3691 1460 3781 nomina
1503 3694 1562 3782 ita
1601 3694 1942 3815 porrigebantur
1973 3695 2016 3785 in

537 3881 680 3941 aream
714 3851 814 3956 iori,
849 3867 898 3941 ut
930 3854 972 3941 in
1006 3850 1155 3942 medio
1185 3852 1325 3974 spatio
1355 3854 1580 3972 potuerint
1608 3855 1769 3976 scripta
1791 3887 1883 3946 esse
1904 3889 2018 3977 quac

534 4012 641 4102 olim
681 4011 776 4103 dixi
821 4012 966 4104 videri
1015 4014 1071 4106 de
1121 4015 1204 4103 sori
1246 4014 1437 4104 norninis
1479 4047 1704 4136 superesse
1749 4021 1827 4110 irr.
1859 4019 1932 4112 68.
1960 4019 2020 4110 69

535 4174 738 4296 [soronam
779 4189 1022 4296 moanpnt.

648 4339 869 4458 Scriptnrn
901 4339 1067 4429 Rornae
1099 4371 1157 4429 nr.
1192 4342 1332 4461 Aprili
1364 4376 1404 4432 a.
1441 4345 1569 4437 i885.
