4634 6292
1576 660 1759 752 Formae
1790 691 1912 750 meae
1942 691 1988 782 p.
2011 659 2068 751 25
2089 691 2126 750 s,
2158 658 2248 751 Sed
2268 659 2313 750 hi

1575 836 1625 911 ut
1661 824 1832 913 Ernesti
1875 823 2066 913 Fabricii
2095 855 2140 914 v.
2174 823 2220 915 d.
2258 855 2315 944 op

1575 982 1750 1076 adiutus
1779 984 1836 1076 de
1866 985 2053 1076 veritate
2083 984 2301 1074 rationum

1576 1144 1808 1236 certiorem
1829 1145 2092 1236 sententiam
2124 1145 2240 1236 ferre
2270 1178 2317 1266 pr

1574 1304 1692 1394 ciant
1706 1336 1940 1427 exponam.
1957 1306 2154 1395 Dimensi
2172 1305 2311 1425 igitur

1574 1499 1662 1588 que
1685 1466 1970 1560 occidentalis
1985 1466 2140 1588 templi
2160 1466 2315 1587 spatia.

1573 1628 1673 1735 hoc,
1707 1631 1742 1721 si
1774 1662 2025 1722 mensuram
2054 1660 2079 1718 a
2111 1628 2255 1750 primo
2285 1659 2317 1717 st

1576 1790 1836 1909 perduxeris
1867 1791 1944 1881 ubi
1971 1821 2088 1881 nunc
2123 1788 2317 1879 substrn

1572 1950 1726 2043 Latera
1755 1952 1925 2043 basium
1959 1951 2300 2041 columnarums

1572 2107 1737 2202 distant
1758 2113 1928 2204 interse
1948 2125 2077 2203 metr.
2095 2111 2242 2215 note:
2263 2119 2317 2201 ert

1571 2273 1762 2393 spatium
1793 2274 2054 2396 occuparint
2085 2287 2213 2363 metr.
2237 2273 2311 2377 28,

1571 2435 1761 2553 spatium
1779 2449 1908 2524 metr.
1926 2434 2077 2540 59,66.
2090 2435 2182 2525 lam
2194 2433 2237 2522 in
2260 2434 2317 2522 sr

1572 2609 1701 2685 metr.
1724 2596 1860 2700 28,16
1875 2610 1921 2688 et
1939 2596 2073 2701 2855
2090 2627 2141 2686 ea
2161 2610 2227 2685 est
2247 2593 2313 2685 di

1572 2755 1793 2847 schemate
1815 2754 2011 2846 dubitari
2042 2787 2129 2846 non
2152 2759 2304 2877 possit.

1569 2922 1606 3006 Α
1636 2914 1917 3036 longitudine
1947 2918 2092 3036 operis
2122 2916 2309 3036 supersti

1569 3090 1700 3168 metr.
1732 3077 1882 3183 ΜΟ,
1908 3076 2171 3169 deducenda
2202 3091 2267 3168 est
2277 3108 2317 3177 ι

1570 3237 1683 3327 fiunt
1701 3253 1830 3329 metr.
1848 3240 1999 3344 mii.
2032 3241 2202 3330 Rursus
2222 3236 2311 3329 add

1569 3398 1659 3489 fine
1688 3398 2023 3491 substructionis
2044 3401 2191 3524 operis
2212 3400 2311 3491 ince

1570 3558 1801 3665 Iuliae‚cui
1823 3561 2040 3681 posticum
2072 3561 2226 3683 templi
2258 3563 2315 3651 Ca

1572 3752 1705 3843 quam
1723 3736 2011 3844 exaequatum
2035 3722 2135 3814 [uit.
2158 3721 2305 3813 Inhoc

1570 3881 1744 3973 drotum
1764 3881 1943 3974 videtur
1963 3882 2233 3975 destructum
2255 3915 2315 3975 es

1569 4059 1635 4137 est
1656 4044 1738 4135 hoc
1756 4043 1944 4164 spatium
1966 4059 2095 4135 metr.
2119 4044 2255 4152 t,88:
2289 4044 2316 4134 t

1569 4205 1767 4296 undenas
1810 4207 2035 4296 columnas
2073 4206 2310 4298 constitiss

1569 4397 1718 4458 rursus
1748 4364 1802 4455 ab
1842 4366 1922 4457 hac
1952 4398 2158 4458 mensura
2200 4366 2290 4459 ded

1568 4544 1634 4621 est
1666 4529 1855 4650 spatium
1895 4560 1983 4652 quo
2021 4527 2137 4619 basis
2180 4529 2314 4619 colun

1568 4707 1683 4784 tota
1728 4691 1927 4814 margine
1967 4706 2151 4783 externo
2195 4691 2317 4783 base

1569 4855 1683 4947 inira
1722 4854 2038 4949 decorabatur:
2080 4854 2195 4946 fiunt
2223 4869 2316 4947 met

1567 5015 1805 5109 contuleris
1834 5047 1934 5106 curn
1966 5047 2019 5107 eo
2059 5048 2193 5137 quem
2232 5046 2303 5106 me

1565 5192 1740 5298 praeter
1768 5175 1901 5267 scalas
1929 5190 2059 5270 metr.
2091 5176 2241 5283 teuc,
2275 5208 2317 5267 n«

1565 5336 1756 5429 undenis
1786 5335 1933 5428 lateris
1954 5337 2170 5430 columnis
2190 5337 2317 5429 ratio
