4634 6292
1105 421 1260 485 „5-

442 663 742 782 fragmentum
772 713 792 733 ·
820 678 920 752 utar
949 641 1099 752 veihis
1131 662 1270 782 ipsius
1300 662 1540 752 Marucchii
1572 714 1590 732 ·
1620 662 1792 754 secondo
1817 663 1858 754 tu
1879 679 1937 756 tc·

442 823 715 915 stimoniaazu
745 823 813 914 dci
838 822 1110 943 sorvcplicati
1138 821 1281 913 dentre
1313 856 1370 912 ua
1398 855 1518 913 muro
1550 823 1621 913 cde
1650 857 1732 913 aon
1760 826 1819 915 mi
1835 859 1937 917 senr-

444 987 775 1108 drapostcriorc
805 985 1012 1077 adsecuto
1043 1002 1193 1106 quarto
1236 986 1431 1107 equiadi
1467 986 1513 1077 di
1546 987 1747 1108 un’cpoca
1789 989 1832 1078 in
1871 991 1940 1079 cui

444 1148 658 1269 lapidata
688 1148 735 1238 di
760 1150 912 1240 Severo
942 1182 1015 1238 cra
1045 1181 1201 1238 ancora
1230 1149 1408 1269 intcyra.
1441 1148 1559 1240 Illud
1590 1181 1679 1271 quo
1715 1151 1937 1270 pertineat

443 1324 489 1399 et
518 1309 767 1430 exemplum
798 1325 993 1400 nostrum
1026 1310 1196 1429 aperiet
1225 1324 1270 1399 et
1308 1312 1550 1401 accuratius
1591 1311 1704 1401 infra
1742 1313 1933 1432 explica·

443 1468 588 1560 bitur:
623 1470 707 1561 hoc
736 1502 825 1560 non
855 1472 997 1561 solum
1028 1486 1261 1592 propterea
1292 1470 1447 1561 salsum
1469 1501 1562 1562 esse
1583 1469 1785 1577 adfirmo,
1811 1473 1932 1596 quod

443 1631 703 1722 Lancianius
734 1632 779 1720 in
811 1631 986 1722 NotitiIs
1016 1661 1146 1751 supra
1178 1628 1365 1722 laudatis
1394 1665 1440 1752 p.
1473 1633 1559 1723 255
1592 1633 1649 1724 de
1689 1666 1815 1724 muro
1856 1634 1935 1726 illo

444 1793 551 1884 haec
579 1793 755 1914 scripsit
792 1795 1011 1885 sembrava
1048 1793 1302 1883 costruzioae
1347 1793 1416 1883 del
1454 1795 1587 1885 secolo
1631 1795 1747 1888 VIII
1780 1797 1827 1885 at
1856 1797 1938 1918 piri

444 1954 572 2059 tardi,
604 1953 685 2046 sed
714 1957 848 2046 etiam
878 1970 1113 2077 propterea
1143 1954 1266 2076 quod
1297 1957 1407 2077 ipse,
1434 1957 1540 2046 dum
1563 1955 1638 2048 die
1658 1960 1702 2047 lt.
1721 1990 1782 2048 m.
1805 1959 1933 2079 Apri·

445 2117 499 2207 lis
529 2118 633 2206 anni
664 2117 909 2237 praeteriti,
945 2117 1028 2207 hoc
1059 2131 1125 2207 est
1154 2149 1208 2208 eo
1239 2118 1318 2240 qui
1352 2119 1673 2210 eruderationis
1713 2117 1933 2209 diem'in·

444 2294 618 2370 secutus
647 2295 728 2384 est,
763 2279 1001 2400 parietinas
1024 2279 1120 2370 illas
1139 2279 1300 2399 partim
1323 2278 1526 2371 disiectas
1547 2281 1750 2402 anquira,
1776 2281 1831 2372 ab
1854 2281 1934 2372 ho·

443 2440 564 2530 mine
605 2470 658 2529 eo
699 2440 776 2561 qui
818 2439 1032 2530 fossorum
1071 2440 1194 2560 operi
1227 2438 1421 2530 curando
1461 2441 1709 2561 praefectus
1748 2456 1842 2530 erat
1881 2473 1932 2533 ea

443 2602 593 2721 accepi
624 2631 738 2723 quae
767 2601 996 2691 Lancianii
1019 2601 1263 2692 sententiae
1283 2632 1460 2721 prorsus
1481 2601 1658 2721 gemina
1679 2617 1820 2692 erant.
1838 2603 1933 2693 Sci·

444 2763 549 2853 licet
563 2794 713 2853 murus
735 2763 816 2853 iste
837 2763 922 2851 fuit
941 2793 967 2852 e
988 2793 1151 2882 genere
1167 2795 1337 2869 eorum,
1360 2765 1437 2886 qui
1468 2764 1597 2854 multi
1618 2795 1736 2854 nunc
1757 2795 1934 2887 quoque
2035 2810 2041 2823 v

443 2939 593 3014 extant
623 2924 739 3015 inter
769 2924 957 3014 Castoris
986 2921 1141 3014 aedem
1172 2940 1217 3014 et
1244 2955 1409 3016 sacram
1439 2925 1574 3026 viam,
1609 2956 1719 3046 quos
1748 2926 1937 3016 saeculis

444 3087 632 3207 septimo
682 3101 925 3207 octavoque
971 3116 1024 3176 ex
1063 3084 1299 3176 ruderibus
1329 3100 1529 3175 veterum
1573 3083 1933 3176 aedificationum

444 3260 647 3338 consutos
676 3275 769 3337 esse
805 3260 974 3337 certum
1004 3262 1084 3338 est.
1104 3248 1383 3367 Comparasse
1405 3277 1484 3336 uos
1505 3245 1749 3365 fragmenta
1768 3277 1934 3336 novum

444 3424 490 3501 et
518 3423 644 3500 vetus
673 3437 804 3528 supra
835 3405 944 3497 dixi.
976 3405 1271 3498 Licnit'enim
1300 3438 1467 3496 novum
1498 3439 1523 3497 e
1552 3407 1732 3511 scrinio,
1768 3407 1814 3496 in
1845 3439 1933 3528 quc

443 3569 716 3675 adservatur,
741 3567 975 3688 deportare
995 3569 1040 3657 in
1070 3568 1204 3658 scalas
1235 3568 1394 3673 musei,
1419 3599 1605 3689 quarum
1627 3567 1787 3689 parieti
1808 3582 1937 3659 vetus

445 3762 546 3822 cum
557 3730 716 3824 ceteris
737 3729 941 3821 omnibus
960 3745 1027 3821 est
1046 3729 1273 3820 insertum.
1291 3729 1357 3818 lbi
1376 3743 1615 3853 utrumque
1636 3728 1774 3821 oculis
1795 3729 1936 3818 mani·

445 3893 616 4016 busque
627 3890 1033 4012 pertemptavimus,
1047 3904 1562 4011 ectyporumnostrorum
1579 3890 1714 3981 fidem
1731 3903 1935 3981 accurate

444 4053 786 4146 aestimavimus.
811 4053 901 4142 lam
920 4052 1113 4174 primum
1133 4067 1302 4141 certum
1318 4068 1384 4142 est
1412 4053 1517 4143 novi
1539 4052 1773 4172 fragmenti
1799 4067 1936 4142 mate·

446 4216 556 4306 riam
587 4244 679 4305 esse
710 4243 900 4303 marmor
930 4213 1112 4304 lunense
1153 4210 1354 4303 eiusdem
1374 4212 1548 4334 generis
1569 4209 1688 4301 unde
1709 4212 1937 4302 severiana

446 4377 587 4468 [orma
616 4390 681 4466 est
710 4374 838 4480 facta,
873 4405 1152 4496 crassumque
1183 4404 1277 4465 esse
1307 4405 1499 4464 marmor
1519 4373 1787 4465 millimetris
1808 4371 1936 4462 circi·

447 4552 514 4629 ter
533 4535 606 4641 70,
631 4536 715 4627 hoc
733 4550 800 4626 est
818 4566 959 4657 paene
988 4533 1187 4626 eiusdem
1208 4565 1453 4640 mensurae,
1471 4566 1603 4658 quam
1634 4536 1680 4624 in
1713 4534 1936 4655 lapidibus

445 4696 686 4790 severianis
716 4697 795 4802 eis,
843 4696 921 4818 qui
951 4726 1067 4787 anno
1100 4695 1212 4787 1867
1245 4695 1290 4786 in
1322 4696 1466 4788 lucem
1507 4693 1752 4799 redierunt,
1796 4696 1936 4786 Tocco

446 4860 713 4952 architectus
755 4857 1030 4950 observavit:
1064 4856 1180 4948 dixit
1222 4857 1342 4947 enim
1375 4858 1436 4950 80
1463 4856 1731 4948 millimetris
1777 4887 1940 4949 crassos

447 5053 522 5114 eos
564 5020 698 5113 fuisse
728 5021 794 5142 (v.
827 5019 983 5110 Forma
1012 5018 1128 5111 ardis
1158 5050 1205 5141 p.
1241 5019 1262 5107 I
1296 5016 1412 5141 82).

553 5182 726 5275 Deinde
756 5214 870 5306 quae
901 5181 1098 5274 cernitur
1137 5182 1184 5272 in
1225 5211 1342 5273 novo
1382 5181 1630 5303 fragmento
1672 5180 1784 5271 ratio
1825 5180 1938 5269 inci·

449 5343 587 5437 dendi
620 5360 708 5435 tam
733 5345 872 5436 lineas
901 5374 1034 5467 quam
1064 5345 1249 5449 litteras,
1282 5341 1340 5434 ad
1370 5373 1566 5465 unguem
1597 5342 1806 5434 convenit
1836 5372 1937 5430 cum
